@misc{sutton2015history,
	title={History of SignWriting},
	author={Sutton, Valerie},
	year={2015}
}

@inproceedings{rocha2001signwriting,
	title={Signwriting-based sign language processing},
	author={Rocha Costa, Ant{\^o}nio Carlos da and Dimuro, Gra{\c{c}}aliz Pereira},
	booktitle={International Gesture Workshop},
	pages={202--205},
	year={2001},
	organization={Springer}
}
