
    
@book{1,
    Address = {Rio de Janeiro},
    Author = {Cardile Lavor and Nelson Maculan and Michael Souza and Rafael Alvez},
    Edition = {1},
    Publisher = {Associação Instituto Nacional de Matemática Pura e Aplicada - IMPA},
    Title = {Álgebra e Geometria no Cálculo de Estrutura Molecular},
    Year = {2017},
    Pages = {107}}
    
@book{grafos,
    Address = {São Paulo},
    Author = {Paulo Oswaldo Boaventura Netto},
    Edition = {5},
    Publisher = {Blucher},
    Title = {Grafos},
    Subtitle = {Teoria, Modelos, Algoritmos},
    Year = {2012},
    Pages = {314}
    }
    
@mastersthesis{tese,
    author    = {Felipe Delfini Caetano Fidalgo},
    title     = {Dividindo e Conquistando com Simetrias em Geometria de Distâncias},
    school    = {Universidade Federal de campinas - UNICAMP},
    type     = {Tese de Doutorado},
    address  = {Campinas},
    year      = {2015}
}

@book{grafos1,
    Address = {New York},
    Author = {J. A. Bondy and U. S. R. Murty},
    Edition = {5},
    Publisher = {Elsevier Science Publishing},
    Title = {Graph Theory With Applications},
    Year = {1982},
    Pages = {264}
    }
 
@book{algebralinear,
    Address = {Rio de Janeiro},
    Author = {Elon Lages Lima},
    Edition = {9},
    Publisher = {IMPA},
    Title = {Álgebra Linear},
    Year = {2016},
    Pages = {357},
    Series = {Coleção Matemática Universitária}}
 
 @book{calculo,
    Address = {Rio de Janeiro},
    Author = {Hamilton Luiz Guidorizzi},
    Edition = {5},
    Publisher = {LTC - Livros Técnicos e Científicos Editora S.A.},
    Title = {Um Curso de Cálculo Vol.1},
    Year = {2008},
    Pages = {635}} 