@phdthesis{fidalgotese,
	author		= "Felipe Delfini Caetano Fidalgo",
	title		= "Dividindo e conquistando com simetrias em geometria de distâncias",
	school		= "UNICAMP",
	address		= "Campinas, SP",
	year		= "2015",
	month		= "Fevereiro",
}

@book{carlileBook31Coloquio,
	author    = "C. Lavor and N. Maculan and M. Souza and R. Alves",
	title     = "Álgebra e Geometria no Cálculo de Estrutura Molecular",
	publisher = "IMPA",
	address  = "Rio de Janeiro, RJ",
	edition  = "31º Colóquio Brasileiro de Matemática",
	year      = "2017",
}

@article{RMNproteinWrutrich,
	author    = "K. W{\"{u}}thrich",
	title     = "Protein structure determination in solution by nuclear magnetic resonance spectroscopy",
	journal   = "American Association for the Advancement of Science",
	volume   = "243",
	number   = "4887",
	pages    = "45-50",
	year      = "1989",
	month    = "Jan",
}

@book{GASteinbruch,
	author    = "Alfredo Steinbruch and Paulo Winterle",
	title     = "Geometria Analítica",
	publisher = "Makron Books",
	address  = "São Paulo, SP",
	edition  = "2a",
	year      = "1987",
}

@article{carlileGDandAplications,
	author    = "Leo Liberti and Carlile Lavor and Nelson Maculan and Antonio Mucherino",
	title     = "Euclidean distance geometry and applications",
	journal   = "Society for Industrial and Applied Mathematics",
	volume   = "56",
	number   = "1",
	pages    = "3–69",
	year      = "2014",
	month    = "February",
}

@book{RMNBookIntroduction,
	author    = "Peter A. Rinck",
	title     = "The history of MR imaging",
	publisher = "The Round Table Foundation",
	address  = "Germany",
	edition  = "11th",
	year      = "2017",
}

@book{EstatisticaTratamentoDeDados,
	author    = "Não lembro o autor",
	title     = "Um livro de tratamento de dados estatístico Tenho que verificar certinho o titulo na ufsc, é um livro de lá",
	publisher = "Favor relevar",
	address  = "Germany",
	edition  = "whatever",
	year      = "2017",
}

@book{ComplexidadeComp,
	author    = "Não lembro o autor",
	title     = "Custo computacional, teoria da computação,Tenho que verificar certinho o titulo na ufsc, é um livro de lá",
	publisher = "Favor relevar",
	address  = "Germany",
	edition  = "whatever",
	year      = "2017",
}

@book{BoyerMathHistory,
	author    = "Carl Benjamin Boyer",
	title     = "História da matemática",
	publisher = "Edgard Bl{\"{u}}cher/EDUSP",
	address  = "São Paulo",
	edition  = "3",
	year      = "1974",
}

@book{AlgebraAbstrata2BienalSBM,
	author    = "César Polcino Milies",
	title     = "Breve história da álgebra abstrata",
	publisher = "USP"
	address  = "São Paulo",
	year      = "2014"
}

@book{QuaterniosAndRotationsKuipers,
	author    = "J. B. Kuipers",
	title     = "Quaternions and Rotation Sequences",
	publisher = "Princeton University Press",
	address  = "Princeton, New Jersey",
	year      = "1999",
}

@misc{QuaterniosJucineide,
	author    = "Jucineide Silva Santos and Maurício de Araujo Ferreira",
	title     = "Álgebra de Quatérnios",
	howpublished = "Trabalho de Iniciação cientifica",
	year     = "2011",
	month    = "Agosto",
}

@book{QuaterniosHamilton,
	author    = "William Rowan Hamilton",
	title     = "Elements of Quaternions",
	publisher = "London: Longmans, Green and Co",
	address  = "Dublin",
	edition  = "First",
	year      = "1866",
	note     = "Book II pag 156",
}

@book{AlgebraLinearElon,
	author    = "Elon Lages Lima",
	title     = "Álgebra Linear",
	publisher = "SBM",
	address  = "Rio de Janeiro : IMPA",
	edition  = "1a",
	year      = "2014",
}



